@Article{PERF-2007-01,
    author         = "{ATLAS Collaboration}",
    title          = "{The ATLAS Experiment at the CERN Large Hadron Collider}",
    journal        = "JINST",
    volume         = "3",
    year           = "2008",
    pages          = "S08003",
    doi            = "10.1088/1748-0221/3/08/S08003",
    primaryClass   = "hep-ex",
}

@Article{HIGG-2013-02,
    author         = "{ATLAS Collaboration}",
    title          = "{Measurements of Higgs boson production and couplings in diboson final states with the ATLAS detector at the LHC}",
    journal        = "Phys. Lett. B",
    volume         = "726",
    year           = "2013",
    pages          = "88",
    doi            = "10.1016/j.physletb.2014.05.011",
    reportNumber   = "CERN-PH-EP-2013-103",
    related            = "HIGG-2013-02-err",
    relatedstring      = "Erratum:",
    related        = "HIGG-2013-02-err",
    relatedstring  = "Erratum:",
}

@Article{SUSY-2018-31,
    author         = "{ATLAS Collaboration}",
    title          = "{Search for bottom-squark pair production with the ATLAS detector in final states containing Higgs bosons, \(b\)-jets and missing transverse momentum}",
    journal        = "JHEP",
    volume         = "12",
    year           = "2019",
    pages          = "060",
    reportNumber   = "CERN-EP-2019-142",
    doi            = "10.1007/JHEP12(2019)060",
}
