@Booklet{ATLAS-CONF-2018-041,
    author         = "{ATLAS Collaboration}",
    howpublished   = "ATLAS-CONF-2018-041",
    url            = "https://cds.cern.ch/record/2632347",
    year           = "2018",
}
