@techreport{Cranmer:1456844,
      author        = "Cranmer, Kyle and Lewis, George and Moneta, Lorenzo and
                       Shibata, Akira and Verkerke, Wouter",
      title         = "{HistFactory: A tool for creating statistical models for
                       use with RooFit and RooStats}",
      number        = "CERN-OPEN-2012-016",
      month         = "Jan",
      year          = "2012",
      reportNumber  = "CERN-OPEN-2012-016",
      url           = "https://cds.cern.ch/record/1456844",
}

% Uses HistFactory for background
@article{Aaij:2015sqa,
    author = "{LHCb Collaboration}",
    title = "{Dalitz plot analysis of $B^0 \to \overline{D}^0 \pi^+\pi^-$ decays}",
    archivePrefix = "arXiv",
    primaryClass = "hep-ex",
    reportNumber = "CERN-PH-EP-2015-110, LHCB-PAPER-2014-070",
    doi = "10.1103/PhysRevD.92.032002",
    journal = "Phys. Rev. D",
    volume = "92",
    number = "3",
    pages = "032002",
    year = "2015"
}

@article{Heinrich:2018nip,
    author = "Heinrich, Lukas and Schulz, Holger and Turner, Jessica and Zhou, Ye-Ling",
    title = "{Constraining A$_{4}$ leptonic flavour model parameters at colliders and beyond}",
    archivePrefix = "arXiv",
    primaryClass = "hep-ph",
    reportNumber = "FERMILAB-PUB-18-548-CD-T, NSF ACI-1450310, PHY-1505463",
    doi = "10.1007/JHEP04(2019)144",
    journal = "JHEP",
    volume = "04",
    pages = "144",
    year = "2019"
}

@software{pyhf,
  author = {Lukas Heinrich and Matthew Feickert and Giordon Stark},
  title = "{pyhf: v0.7.0}",
  version = {0.7.0},
  doi = {10.5281/zenodo.1169739},
  url = {https://doi.org/10.5281/zenodo.1169739},
  note = {https://github.com/scikit-hep/pyhf/releases/tag/v0.7.0}
}

@article{pyhf_joss,
  doi = {10.21105/joss.02823},
  url = {https://doi.org/10.21105/joss.02823},
  year = {2021},
  publisher = {The Open Journal},
  volume = {6},
  number = {58},
  pages = {2823},
  author = {Lukas Heinrich and Matthew Feickert and Giordon Stark and Kyle Cranmer},
  title = {pyhf: pure-Python implementation of HistFactory statistical models},
  journal = {Journal of Open Source Software}
}

% CHEP 2019
@article{CHEP_2019,
	author = {{Feickert, Matthew} and {Heinrich, Lukas} and {Stark, Giordon}},
	title = {Likelihood preservation and statistical reproduction of searches for new physics},
	DOI= "10.1051/epjconf/202024506017",
	url= "https://doi.org/10.1051/epjconf/202024506017",
	journal = {EPJ Web Conf.},
	year = 2020,
	volume = 245,
	pages = "06017",
}

@software{cabinetry,
  author = "{Alexander Held}",
  title = "{cabinetry: v0.5.1}",
  version = {0.5.1},
  doi = {10.5281/zenodo.4742752},
  url = {https://doi.org/10.5281/zenodo.4742752},
  note = {https://github.com/scikit-hep/cabinetry/releases/tag/v0.5.1}
}

@software{abcd_pyhf,
  author = "{Mason Proffitt}",
  title = "{abcd-pyhf: v0.0.5}",
  version = {0.0.5},
  url = {https://github.com/masonproffitt/abcd-pyhf},
  note = {https://github.com/masonproffitt/abcd-pyhf/releases/tag/v0.5.1}
}

@article{Simpson:2022suz,
    author = "{Nathan Simpson} and {Lukas Heinrich}",
    title = "{neos: End-to-End-Optimised Summary Statistics for High Energy Physics}",
    eprint = "2203.05570",
    archivePrefix = "arXiv",
    primaryClass = "physics.data-an",
    month = "3",
    year = "2022",
    journal = ""
}

@misc{iris-hep,
  title = {{Institute for Research and Innovation in Software for High Energy Physics (IRIS-HEP)}},
  author = {{IRIS-HEP}},
  howpublished = {\href{https://iris-hep.org/}{https://iris-hep.org/}},
}
