% 2021-09-10
@article{Cranmer:2021urp,
    author = "Cranmer, Kyle and others",
    title = "{Publishing statistical models: Getting the most out of particle physics experiments}",
    eprint = "2109.04981",
    archivePrefix = "arXiv",
    primaryClass = "hep-ph",
    doi = "10.21468/SciPostPhys.12.1.037",
    journal = "SciPost Phys.",
    volume = "12",
    number = "1",
    pages = "037",
    year = "2022"
}

% 2021-04-26
@article{Belle-II:2021rof,
    author = "{Belle II Collaboration}",
    title = "{Search for B+\textrightarrow{}K+\ensuremath{\nu}\ensuremath{\nu}\textasciimacron{} Decays Using an Inclusive Tagging Method at Belle II}",
    eprint = "2104.12624",
    archivePrefix = "arXiv",
    primaryClass = "hep-ex",
    reportNumber = "Belle II Preprint 2021-001, KEK Preprint 2020-45",
    doi = "10.1103/PhysRevLett.127.181802",
    journal = "Phys. Rev. Lett.",
    volume = "127",
    number = "18",
    pages = "181802",
    year = "2021"
}

% 2022-07-15
@article{Belle:2022gbl,
    author = "{Belle Collaboration}",
    title = "{Search for a dark leptophilic scalar produced in association with $\tau^+\tau^-$ pair in $e^+e^-$ annihilation at center-of-mass energies near 10.58 GeV}",
    eprint = "2207.07476",
    archivePrefix = "arXiv",
    primaryClass = "hep-ex",
    reportNumber = "BELLE-CONF-2201",
    month = "7",
    year = "2022",
    journal = ""
}

% 2020-09-03
@article{Alguero:2020grj,
    author = {Alguero, Ga\"el and Kraml, Sabine and Waltenberger, Wolfgang},
    title = "{A SModelS interface for pyhf likelihoods}",
    eprint = "2009.01809",
    archivePrefix = "arXiv",
    primaryClass = "hep-ph",
    doi = "10.1016/j.cpc.2021.107909",
    journal = "Comput. Phys. Commun.",
    volume = "264",
    pages = "107909",
    year = "2021"
}

% 2020-12-15
@article{Alguero:2020yhu,
    author = {Alguero, Ga\"el and Heisig, Jan and Khosa, Charanjit K. and Kraml, Sabine and Kulkarni, Suchita and Lessa, Andre and Neuhuber, Philipp and Reyes-Gonz\'alez, Humberto and Waltenberger, Wolfgang and Wongel, Alicia},
    title = "{New developments in SModelS}",
    eprint = "2012.08192",
    archivePrefix = "arXiv",
    primaryClass = "hep-ph",
    doi = "10.22323/1.392.0022",
    journal = "PoS",
    volume = "TOOLS2020",
    pages = "022",
    year = "2021"
}
